

    <!-- ddc record -->
    <record type="Bibliographic">
        <leader>     cam a22     4  4500</leader>
        <controlfield tag="001">029538718</controlfield>
        <controlfield tag="003">CHVBK</controlfield>
        <controlfield tag="005">20140813165956.0</controlfield>
        <controlfield tag="008">120430s2012    enk           00    eng|d</controlfield>
        <datafield tag="015" ind1=" " ind2=" ">
            <subfield code="a">GBB2-45798</subfield>
            <subfield code="2">bnb</subfield>
        </datafield>
        <datafield tag="016" ind1="7" ind2=" ">
            <subfield code="a">016082824</subfield>
            <subfield code="2">Uk</subfield>
        </datafield>
        <datafield tag="020" ind1=" " ind2=" ">
            <subfield code="a">978-1-84980-003-7 (hbk.) : EUR 155.80</subfield>
        </datafield>
        <datafield tag="020" ind1=" " ind2=" ">
            <subfield code="a">978-1-78100-600-9 (ebook)</subfield>
        </datafield>
        <datafield tag="035" ind1=" " ind2=" ">
            <subfield code="a">(OCoLC)793689923</subfield>
        </datafield>
        <datafield tag="035" ind1=" " ind2=" ">
            <subfield code="a">(IDSLU)001050142</subfield>
        </datafield>
        <datafield tag="035" ind1=" " ind2=" ">
            <subfield code="a">(OCoLC)793689923</subfield>
            <subfield code="z">(OCoLC)778965918</subfield>
        </datafield>
        <datafield tag="040" ind1=" " ind2=" ">
            <subfield code="a">UKMGB</subfield>
            <subfield code="d">YDXCP</subfield>
            <subfield code="d">SzZuIDS LU LUZHB</subfield>
        </datafield>
        <datafield tag="050" ind1=" " ind2=" ">
            <subfield code="a">K</subfield>
        </datafield>
        <datafield tag="082" ind1="0" ind2=" ">
            <subfield code="a">346.048 (aus 082??.a)</subfield>
            <subfield code="2">23</subfield>
        </datafield>
        <datafield tag="100" ind1="1" ind2=" ">
            <subfield code="a">Blakeney</subfield>
            <subfield code="D">Michael</subfield>
        </datafield>
        <datafield tag="245" ind1="1" ind2="0">
            <subfield code="a">Intellectual property enforcement</subfield>
            <subfield code="b">a commentary on the anti-conterfeiting trade agreement (ACTA)</subfield>
            <subfield code="c">Michael Blakeney</subfield>
        </datafield>
        <datafield tag="260" ind1=" " ind2=" ">
            <subfield code="a">Cheltenham</subfield>
            <subfield code="b">E. Elgar</subfield>
            <subfield code="c">2012</subfield>
        </datafield>
        <datafield tag="300" ind1=" " ind2=" ">
            <subfield code="a">394 S</subfield>
            <subfield code="c">25 cm</subfield>
        </datafield>
        <datafield tag="490" ind1="0" ind2=" ">
            <subfield code="a">Elgar commentaries</subfield>
        </datafield>
        <datafield tag="650" ind1=" " ind2="0">
            <subfield code="a">Intellectual property (International law)</subfield>
        </datafield>
        <datafield tag="650" ind1=" " ind2="7">
            <subfield code="a">Produktpiraterie</subfield>
            <subfield code="0">(DE-588)4246534-5</subfield>
            <subfield code="2">gnd</subfield>
        </datafield>
        <datafield tag="650" ind1=" " ind2="7">
            <subfield code="a">Markenpiraterie</subfield>
            <subfield code="0">(DE-588)4229411-3</subfield>
            <subfield code="2">gnd</subfield>
        </datafield>
        <datafield tag="650" ind1=" " ind2="7">
            <subfield code="a">Internationales Handelsrecht</subfield>
            <subfield code="0">(DE-588)4027429-9</subfield>
            <subfield code="2">gnd</subfield>
        </datafield>
        <datafield tag="691" ind1=" " ind2="7">
            <subfield code="B">u</subfield>
            <subfield code="u">PD 30</subfield>
            <subfield code="2">idslu L1</subfield>
        </datafield>
        <datafield tag="691" ind1=" " ind2="7">
            <subfield code="B">u</subfield>
            <subfield code="u">PC 86.1</subfield>
            <subfield code="2">idslu L1</subfield>
        </datafield>
        <datafield tag="909" ind1=" " ind2="7">
            <subfield code="a">NL201209</subfield>
            <subfield code="2">idslu L1</subfield>
        </datafield>

        <datafield tag="909" ind1=" " ind2="7">
            <subfield code="a">NL201209</subfield>
            <subfield code="2">sb_2001</subfield>
            <subfield code="c">ddc code c code 2 sb_2001</subfield>
        </datafield>
        <datafield tag="909" ind1=" " ind2="7">
            <subfield code="a">NL201209</subfield>
            <subfield code="2">ehelv</subfield>
            <subfield code="d">ddc code d code 2 ehelv</subfield>
        </datafield>


        <datafield tag="912" ind1=" " ind2="7">
            <subfield code="a">811</subfield>
            <subfield code="2">IDS LU</subfield>
        </datafield>
        <datafield tag="912" ind1=" " ind2="7">
            <subfield code="a">842</subfield>
            <subfield code="2">IDS LU</subfield>
        </datafield>
        <datafield tag="950" ind1=" " ind2=" ">
            <subfield code="B">IDSLU</subfield>
            <subfield code="P">100</subfield>
            <subfield code="E">1-</subfield>
            <subfield code="a">Blakeney</subfield>
            <subfield code="D">Michael</subfield>
        </datafield>
        <datafield tag="950" ind1=" " ind2=" ">
            <subfield code="B">IDSLU</subfield>
            <subfield code="P">490</subfield>
            <subfield code="E">--</subfield>
            <subfield code="a">Elgar commentaries</subfield>
        </datafield>
        <datafield tag="986" ind1=" " ind2=" ">
            <subfield code="a">SWISSBIB</subfield>
            <subfield code="b">029538718</subfield>
        </datafield>
        <datafield tag="898" ind1=" " ind2=" ">
            <subfield code="a">BK020000</subfield>
            <subfield code="b">XK020000</subfield>
        </datafield>
        <datafield tag="949" ind1=" " ind2=" ">
            <subfield code="B">IDSLU</subfield>
            <subfield code="F">LUUHL</subfield>
            <subfield code="j">PD 30 .g BLAK 2012</subfield>
        </datafield>
        <datafield tag="956" ind1="4" ind2=" ">
            <subfield code="B">IDSLU</subfield>
            <subfield code="C">ILU50</subfield>
            <subfield code="D">ILU01</subfield>
            <subfield code="a">LUZHB</subfield>
            <subfield code="u">http://www.ub.unibas.ch/tox/IDSLUZ/001050142/PDF</subfield>
            <subfield code="q">pdf</subfield>
            <subfield code="x">VIEW</subfield>
            <subfield code="y">Inhaltsverzeichnis</subfield>
        </datafield>
    </record>