

    <!-- rvk zdbs local classification record-->
    <record type="Bibliographic">
        <leader>     cam a22     4  4500</leader>
        <controlfield tag="001">029541476</controlfield>
        <controlfield tag="003">CHVBK</controlfield>
        <controlfield tag="005">20140813172857.0</controlfield>
        <controlfield tag="008">120316s2012    xxk           00    eng|d</controlfield>
        <datafield tag="020" ind1=" " ind2=" ">
            <subfield code="a">978-1-78100-207-0 (hbk.)</subfield>
        </datafield>
        <datafield tag="020" ind1=" " ind2=" ">
            <subfield code="a">978-1-78100-222-3 (pbk.) : GBP 19.95</subfield>
        </datafield>
        <datafield tag="035" ind1=" " ind2=" ">
            <subfield code="a">(OCoLC)802342984</subfield>
        </datafield>
        <datafield tag="035" ind1=" " ind2=" ">
            <subfield code="a">(IDSLU)001082675</subfield>
        </datafield>
        <datafield tag="035" ind1=" " ind2=" ">
            <subfield code="a">(OCoLC)802342984</subfield>
        </datafield>
        <datafield tag="040" ind1=" " ind2=" ">
            <subfield code="a">DE-604</subfield>
            <subfield code="d">SzZuIDS LU LUZHB</subfield>
        </datafield>

        <datafield tag="084" ind1=" " ind2=" ">
            <subfield code="a">MG 42920</subfield>
            <subfield code="a">test RVK doppelt</subfield>
            <subfield code="2">rvk</subfield>
        </datafield>

        <datafield tag="084" ind1=" " ind2=" ">
            <subfield code="a">300</subfield>
            <subfield code="a">620</subfield>
            <subfield code="2">zdbs</subfield>
        </datafield>

        <datafield tag="245" ind1="0" ind2="4">
            <subfield code="a">The big society debate</subfield>
            <subfield code="b">a new agenda for social welfare?</subfield>
            <subfield code="c">ed. by Armine Ishkanian ... [et al.]</subfield>
        </datafield>
        <datafield tag="260" ind1=" " ind2=" ">
            <subfield code="a">Cheltenham</subfield>
            <subfield code="b">E. Elgar</subfield>
            <subfield code="c">2012</subfield>
        </datafield>
        <datafield tag="300" ind1=" " ind2=" ">
            <subfield code="a">227 S</subfield>
            <subfield code="b">Ill</subfield>
            <subfield code="c">24 cm</subfield>
        </datafield>
        <datafield tag="650" ind1=" " ind2="7">
            <subfield code="a">Zwischenmenschliche Beziehung</subfield>
            <subfield code="0">(DE-588)4079583-4</subfield>
            <subfield code="2">gnd</subfield>
        </datafield>
        <datafield tag="650" ind1=" " ind2="7">
            <subfield code="a">Sozialpolitik</subfield>
            <subfield code="0">(DE-588)4055879-4</subfield>
            <subfield code="2">gnd</subfield>
        </datafield>
        <datafield tag="650" ind1=" " ind2="7">
            <subfield code="a">Gesellschaft</subfield>
            <subfield code="0">(DE-588)4020588-5</subfield>
            <subfield code="2">gnd</subfield>
        </datafield>
        <datafield tag="650" ind1=" " ind2="7">
            <subfield code="a">Sozialstaat</subfield>
            <subfield code="0">(DE-588)4055896-4</subfield>
            <subfield code="2">gnd</subfield>
        </datafield>
        <datafield tag="651" ind1=" " ind2="7">
            <subfield code="a">Großbritannien</subfield>
            <subfield code="0">(DE-588)4022153-2</subfield>
            <subfield code="2">gnd</subfield>
        </datafield>
        <datafield tag="655" ind1=" " ind2="7">
            <subfield code="a">Aufsatzsammlung</subfield>
            <subfield code="2">gnd</subfield>
        </datafield>
        <datafield tag="691" ind1=" " ind2="7">
            <subfield code="B">u</subfield>
            <subfield code="u">MG 42920</subfield>
            <subfield code="2">idslu LR</subfield>
        </datafield>
        <datafield tag="691" ind1=" " ind2="7">
            <subfield code="B">u</subfield>
            <subfield code="u">QX 000</subfield>
            <subfield code="2">idslu LR</subfield>
        </datafield>
        <datafield tag="691" ind1=" " ind2="7">
            <subfield code="B">u</subfield>
            <!-- sollte nicht erscheinen da doppelt-->
            <subfield code="u">QX 000</subfield>
            <subfield code="2">idslu LX</subfield>
        </datafield>

        <datafield tag="700" ind1="1" ind2=" ">
            <subfield code="a">Ishkanian</subfield>
            <subfield code="D">Armine</subfield>
        </datafield>
        <datafield tag="909" ind1=" " ind2="7">
            <subfield code="a">NL201309</subfield>
            <subfield code="2">idslu L1</subfield>
        </datafield>
        <datafield tag="912" ind1=" " ind2="7">
            <subfield code="a">172</subfield>
            <subfield code="2">IDS LU</subfield>
        </datafield>
        <datafield tag="950" ind1=" " ind2=" ">
            <subfield code="B">IDSLU</subfield>
            <subfield code="P">700</subfield>
            <subfield code="E">1-</subfield>
            <subfield code="a">Ishkanian</subfield>
            <subfield code="D">Armine</subfield>
        </datafield>
        <datafield tag="986" ind1=" " ind2=" ">
            <subfield code="a">SWISSBIB</subfield>
            <subfield code="b">029541476</subfield>
        </datafield>
        <datafield tag="898" ind1=" " ind2=" ">
            <subfield code="a">BK020000</subfield>
            <subfield code="b">XK020000</subfield>
        </datafield>
        <datafield tag="949" ind1=" " ind2=" ">
            <subfield code="B">IDSLU</subfield>
            <subfield code="F">LUUHL</subfield>
            <subfield code="j">QX 000 2012</subfield>
        </datafield>
        <datafield tag="956" ind1="4" ind2=" ">
            <subfield code="B">IDSLU</subfield>
            <subfield code="C">ILU50</subfield>
            <subfield code="D">ILU01</subfield>
            <subfield code="a">LUZHB</subfield>
            <subfield code="u">http://www.ub.unibas.ch/tox/HBZ/HT017296187/PDF</subfield>
            <subfield code="q">pdf</subfield>
            <subfield code="x">VIEW</subfield>
            <subfield code="y">Inhaltsverzeichnis</subfield>
        </datafield>
    </record>
</collection>
